<?xml version="1.0" encoding="UTF-8"?><collection xmlns="http://www.loc.gov/MARC21/slim"><record><leader>00528nam--2200169-i-4500</leader><controlfield tag="001">000031048</controlfield><controlfield tag="002">20161230</controlfield><controlfield tag="005">20161230201038</controlfield><controlfield tag="008">060222s1000------------r-----000-0-eng-d</controlfield><datafield ind1=" " ind2=" " tag="040"><subfield code="a">IFIN-HH</subfield></datafield><datafield ind1=" " ind2=" " tag="080"><subfield code="a">539.2:51</subfield></datafield><datafield ind1="1" ind2=" " tag="100"><subfield code="a">Clark, R.C./S.A.</subfield></datafield><datafield ind1="1" ind2="0" tag="245"><subfield code="a">Mathematical methods in solid state and superfluid theory</subfield><subfield code="b">Scottish universities' summer school 1967</subfield><subfield code="c">R.c. clark, g.h. derrick (eds.)</subfield></datafield><datafield ind1=" " ind2=" " tag="260"><subfield code="a">Edinburgh</subfield><subfield code="b">Oliver &amp; Boyd</subfield><subfield code="c">1969</subfield></datafield><datafield ind1="1" ind2=" " tag="700"><subfield code="a">Derrick, G.H</subfield><subfield code="e">Ed</subfield></datafield><datafield ind1=" " ind2=" " tag="852"><subfield code="a">30914</subfield><subfield code="c">539.2</subfield></datafield><datafield ind1=" " ind2=" " tag="CAT"><subfield code="a">Sys</subfield><subfield code="c">20121016</subfield><subfield code="h">124628</subfield></datafield></record></collection>